@InProceedings{xenopoulos2020,
  author = 	 {P. Xenopoulos and H. Doraiswamy and C. Silva},
  title = 	 {Valuing player actions in Counter-Strike: Global Offensive},
  booktitle =	 {2020 IEEE International Conference on Big Data},
  year =	 {2020},
  pages =	 {1283--1292},
  note =	 {DOI:10.1109/BigData50022.2020.9378154}
  }









@InProceedings{rizani2018,
  author = 	 {M. N. Rizani and H. Iida},
  title = 	 {Analysis of Counter-Strike: Global {O}ffensive},
  OPTcrossref =  {},
  OPTkey = 	 {},
  OPTbooktitle = {},
  OPTyear = 	 {},
  OPTeditor = 	 {},
  OPTvolume = 	 {},
  OPTnumber = 	 {},
  OPTseries = 	 {},
  OPTpages = 	 {},
  OPTmonth = 	 {},
  OPTaddress = 	 {},
  OPTorganization = {},
  OPTpublisher = {},
  OPTnote = 	 {},
  OPTannote = 	 {}
}

