@Article{moul2009,
  author = 	 {C. C. Moul and J. V. C. Nye},
  title = 	 {Did the {S}oviets collude? {A} statistical analysis of championship chess 1940-1978},
  journal = 	 {Journal of Economic Behavior and Organization},
  year = 	 {2009},
  volume =	 {70},
  pages =	 {10--21},
  doi =          {10.1016/j.jebo.2009.01.009}
}

@Article{davidson1970,
  author = 	 {R. R. Davidson},
  title = 	 {On extending the {B}radley-{T}erry model to accommodate ties in paired comparison experiments},
  journal = 	 {Journal of the American Statistical Association},
  year = 	 {1970},
  volume =	 {65},
  number =	 {329},
  pages =	 {317--328},
  month =	 {March}
  }

@Article{joe1990,
  author = 	 {H. Joe},
  title = 	 {Extended use of paired comparison models, with application to chess ranking},
  journal = 	 {Journal of the Royal Statistical Society.  Series C (Applied Statistics)},
  year = 	 {1990},
  volume =	 {39},
  number =	 {1},
  pages =	 {85--93}
  }

@TechReport{langer2013,
  author = 	 {{Mueller-Langer}, F. and P. Andreoli-Versbach},
  title = 	 {Leading-effect vs risk-taking in dynamic tournaments: evidence from a real-life randomized experiment},
  institution =  {University of Munich, Department of Economics},
  year = 	 {2013},
  type =	 {Discussion paper},
  number =	 {2013-6}
  }

@Article{bradley1952,
  author = 	 {R. A. Bradley and M. E. Terry},
  title = 	 {Rank analysis of incomplete block designs: {I}.  {T}he method of paired comparisons},
  journal = 	 {Biometrika},
  year = 	 {1952},
  volume =	 {39},
  number =	 {3/4},
  pages =	 {324--345},
  month =	 {December}
  }

@Article{west2008,
  author = 	 {L. J. West and R. K. S. Hankin},
  title = 	 {Exact tests for two-way contingency tables including structural zeros},
  journal = 	 {Journal of Statistical Software},
  year = 	 {2008},
  volume =	 {28},
  number =	 {11},
  pages =	 {1-19},
  month =	 {December}
  }

@Article{hankin2010,
  author = 	 {R. K. S. Hankin},
  title = 	 {A generalization of the {D}irichlet distribution},
  journal = 	 {Journal of Statistical Software},
  year = 	 {2010},
  volume =	 {33},
  number =	 {11},
  pages =	 {1-18},
  month =	 {February}
}

@Book{fischer1969,
  author =	 {R. Fischer},
  title = 	 {My 60 memorable games},
  publisher = 	 {Faber and Faber},
  year = 	 {1969}
  }

@Book{edwards1972,
  author =	 {A. W. F. Edwards},
  title = 	 {Likelihood},
  publisher = 	 {John Hopkins University Press},
  year = 	 {1972}
  }

@Article{hankin2017,
  author = 	 {R. K. S. Hankin},
  title = 	 {Partial rank data with the hyper2 package: likelihood functions
                   for generalized {B}radley-{T}erry models},
  journal = 	 {The R Journal},
  year = 	 {2017},
  volume =	 {9},
  number =	 {2},
  pages =	 {429--439}
  }

@Book{adams2007,
  author =	 {W. W. Adams},
  title = 	 {White to play and win},
  publisher = 	 {Ishi Press International},
  year = 	 {2007}
  }

@Book{adorjan1988,
  author =	 {A. Adorj\'{a}n},
  title = 	 {Black is {O}{K}!},
  publisher = 	 {Batsford},
  year = 	 {1988}
  }

@Book{ohagan2004,
  author =	 {A. O'Hagan and J. Forster},
  title = 	 {Kendall's advanced theory of statistics, volume 2{B}: {B}ayesian inference},
  publisher = 	 {John Wiley},
  edition =      {Second},
  year = 	 {2004}
  }


 @Manual{rcore2019,
    title = {R: A Language and Environment for Statistical Computing},
    author = {{R Core Team}},
    organization = {R Foundation for Statistical Computing},
    address = {Vienna, Austria},
    year = {2019},
    url = {https://www.R-project.org/}
  }


  @Article{turner2012,
    title = {Bradley-Terry Models in {R}: The {BradleyTerry2} Package},
    author = {Heather Turner and David Firth},
    journal = {Journal of Statistical Software},
    year = {2012},
    volume = {48},
    number = {9},
    pages = {1--21},
    url = {https://www.jstatsoft.org/v48/i09/}
  }

@Article{lazear1981,
    title = {Rank-order tournaments as optimum labour contracts},
    author = {E. P. Lazear and S. Rosen},
    journal = {The Journal of Political Economy},
    year = {1981},
    volume = {89},
    number = {5},
    pages = {841--864},
    month = {October}
  }

@Article{boksem2008,
  author = 	 {M. A. S. Boksem and M. Tops},
  title = 	 {Mental fatigue: Costs and benefits},
  journal = 	 {Brain Research Reviews},
  year = 	 {2008},
  volume =	 {59},
  pages =	 {125--139}
  }

@Article{linden2003,
  author = 	 {{van der Linden},D. and M. Frese and T. F. Meijman},
  title = 	 {Mental fatigue and the control of cognitive processes: effects on perseveration and planning},
  journal = 	 {Acta Psychological},
  year = 	 {2003},
  volume =	 {113},
  pages =	 {45--65}
  }

